%%%%%%%%%%%%%%%%%%%%%%%%%%%%%%%%%%%%%%%%%%%%%%%%%%%%%%%%%%%%%%%%%%%%%%%%%%%%%%%%
%	                 __   ____   ___  ____  __ _  ____ 
%                       / _\ (  _ \ / __)(  __)(  ( \(_  _)
%          	       /    \ )   /( (_ \ ) _) /    /  )(  
%                      \_/\_/(__\_) \___/(____)\_)__) (__) 
%%%%%%%%%%%%%%%%%%%%%%%%%%%%%%%%%%%%%%%%%%%%%%%%%%%%%%%%%%%%%%%%%%%%%%%%%%%%%%%%


% 
%    LaTeX Beginner's Guide, Stefan Kottwitz
%
@book{Kottwitz2011,
  author = {Stefan Kottwitz},
  edition = {1st Edition},
  isbn = {978-1-847199-86-7},
  month = {mar},
  note = {[Create high-quality and professional-looking texts, articles, and 
      books for business and science using {\LaTeX}]},
  publisher = {Packt Publishing},
  title = {{\LaTeX} Beginner's Guide},
  year = {2011}
}

% http://mirror.neu.edu.cn/CTAN/fonts/fontawesome/doc/fontawesome.pdf

